<record><leader>00000cas a2200000 a 4500</leader><controlfield tag="001">9212311</controlfield><controlfield tag="007">hd afu---baca</controlfield><controlfield tag="008">830210d18591860iludn nea     0   a0eng c</controlfield><datafield ind1=" " ind2=" " tag="010"><subfield code="a">  2007252032</subfield></datafield><datafield ind1=" " ind2=" " tag="040"><subfield code="a">HUH</subfield><subfield code="b">eng</subfield><subfield code="c">HUH</subfield><subfield code="d">OCL</subfield><subfield code="d">MHN</subfield><subfield code="d">OCL</subfield><subfield code="d">OCLCQ</subfield><subfield code="d">WAU</subfield><subfield code="d">UKMGB</subfield><subfield code="d">OCLCQ</subfield><subfield code="d">OCLCF</subfield><subfield code="d">OCLCO</subfield><subfield code="d">OCLCQ</subfield></datafield><datafield ind1="7" ind2=" " tag="016"><subfield code="a">013917682</subfield><subfield code="2">Uk</subfield></datafield><datafield ind1=" " ind2=" " tag="042"><subfield code="a">pcc</subfield></datafield><datafield ind1=" " ind2=" " tag="043"><subfield code="a">n-us-il</subfield></datafield><datafield ind1=" " ind2="4" tag="050"><subfield code="a">AN2</subfield><subfield code="b">.C49x</subfield></datafield><datafield ind1="0" ind2=" " tag="130"><subfield code="a">Press and tribune (Chicago, Ill. : Daily)</subfield></datafield><datafield ind1="1" ind2="4" tag="245"><subfield code="a">The Press and tribune.</subfield></datafield><datafield ind1="3" ind2=" " tag="246"><subfield code="a">Press &amp; tribune</subfield></datafield><datafield ind1=" " ind2=" " tag="260"><subfield code="a">Chicago, Ill. :</subfield><subfield code="b">Press and Tribune Co.,</subfield><subfield code="c">1859-1860.</subfield></datafield><datafield ind1=" " ind2=" " tag="300"><subfield code="a">2 volumes</subfield></datafield><datafield ind1=" " ind2=" " tag="310"><subfield code="a">Daily (except Sunday)</subfield></datafield><datafield ind1=" " ind2=" " tag="336"><subfield code="a">text</subfield><subfield code="b">txt</subfield><subfield code="2">rdacontent</subfield></datafield><datafield ind1=" " ind2=" " tag="337"><subfield code="a">microform</subfield><subfield code="b">h</subfield><subfield code="2">rdamedia</subfield></datafield><datafield ind1=" " ind2=" " tag="338"><subfield code="a">microfilm reel</subfield><subfield code="b">hd</subfield><subfield code="2">rdacarrier</subfield></datafield><datafield ind1="0" ind2=" " tag="362"><subfield code="a">Vol. 12, no. 219 (Mar. 17, 1859)-v. 14, no. 98 (Oct. 24, 1860).</subfield></datafield><datafield ind1=" " ind2=" " tag="533"><subfield code="a">Microfilm.</subfield><subfield code="b">Cleveland, Ohio :</subfield><subfield code="c">Micro Photo Division, Bell &amp; Howell,</subfield><subfield code="d">[1968].</subfield><subfield code="e">4 microfilm reels ; 35 mm.</subfield></datafield><datafield ind1=" " ind2="0" tag="651"><subfield code="a">Chicago (Ill.)</subfield><subfield code="v">Newspapers.</subfield></datafield><datafield ind1=" " ind2="0" tag="651"><subfield code="a">Cook County (Ill.)</subfield><subfield code="v">Newspapers.</subfield></datafield><datafield ind1=" " ind2="7" tag="651"><subfield code="a">Illinois</subfield><subfield code="z">Chicago.</subfield><subfield code="2">fast</subfield><subfield code="0">(OCoLC)fst01204048</subfield></datafield><datafield ind1=" " ind2="7" tag="651"><subfield code="a">Illinois</subfield><subfield code="z">Cook County.</subfield><subfield code="2">fast</subfield><subfield code="0">(OCoLC)fst01205334</subfield></datafield><datafield ind1=" " ind2="7" tag="655"><subfield code="a">Newspapers.</subfield><subfield code="2">fast</subfield><subfield code="0">(OCoLC)fst01423814</subfield></datafield><datafield ind1=" " ind2=" " tag="752"><subfield code="a">United States</subfield><subfield code="b">Illinois</subfield><subfield code="c">Cook</subfield><subfield code="d">Chicago.</subfield></datafield><datafield ind1="0" ind2=" " tag="775"><subfield code="t">Press and tribune (Chicago, Ill. : Weekly)</subfield></datafield><datafield ind1="0" ind2=" " tag="775"><subfield code="t">Press and tribune (Chicago, Ill. : Triweekly)</subfield></datafield><datafield ind1="1" ind2=" " tag="776"><subfield code="c">Original</subfield><subfield code="w">(DLC)sn 82014511</subfield><subfield code="w">(OCoLC)8782695</subfield></datafield><datafield ind1="0" ind2="0" tag="780"><subfield code="t">Chicago daily press and tribune</subfield><subfield code="w">(DLC)  2007252031</subfield><subfield code="w">(OCoLC)9212306</subfield></datafield><datafield ind1="0" ind2="0" tag="785"><subfield code="t">Chicago daily tribune (Chicago, Ill. : 1860)</subfield><subfield code="w">(DLC)sn 97070761</subfield><subfield code="w">(OCoLC)10782456</subfield></datafield><datafield ind1="1" ind2=" " tag="029"><subfield code="a">AU@</subfield><subfield code="b">000041285114</subfield></datafield></record>